<record><leader>00000cas a22000007a 4500</leader><controlfield tag="001">11849210</controlfield><controlfield tag="008">850326d19631969iauwr ne      0    0eng d</controlfield><datafield ind1=" " ind2=" " tag="010"><subfield code="a">sn 85050752 </subfield></datafield><datafield ind1=" " ind2=" " tag="040"><subfield code="a">INP</subfield><subfield code="b">eng</subfield><subfield code="c">INP</subfield><subfield code="d">OCLCQ</subfield></datafield><datafield ind1=" " ind2=" " tag="042"><subfield code="a">msc</subfield></datafield><datafield ind1="0" ind2=" " tag="130"><subfield code="a">Collins clipper (Collins, Iowa : 1963)</subfield></datafield><datafield ind1="1" ind2="0" tag="245"><subfield code="a">Collins clipper.</subfield></datafield><datafield ind1=" " ind2=" " tag="260"><subfield code="a">Collins, Iowa :</subfield><subfield code="b">Hazel Dunbar,</subfield><subfield code="c">-1969.</subfield></datafield><datafield ind1=" " ind2=" " tag="300"><subfield code="a">v. :</subfield><subfield code="b">ill.</subfield></datafield><datafield ind1=" " ind2=" " tag="310"><subfield code="a">Weekly</subfield></datafield><datafield ind1="1" ind2=" " tag="362"><subfield code="a">Began in 1963.</subfield><subfield code="z">Cf. Bibl. of Iowa newspapers.</subfield></datafield><datafield ind1="0" ind2=" " tag="362"><subfield code="a">-v. 6, no. 24 (June 12, 1969).</subfield></datafield><datafield ind1=" " ind2=" " tag="588"><subfield code="a">Description based on: Vol. 1, no. 12 (July 23, 1964).</subfield></datafield><datafield ind1=" " ind2=" " tag="752"><subfield code="a">United States</subfield><subfield code="b">Iowa</subfield><subfield code="c">Story</subfield><subfield code="d">Collins.</subfield></datafield><datafield ind1="0" ind2="4" tag="785"><subfield code="t">Baxter new era</subfield><subfield code="w">(DLC)sn 85050773</subfield></datafield></record>